@article{grathwohl2018ffjord,
  title={Ffjord: Free-form continuous dynamics for scalable reversible generative models},
  author={Grathwohl, Will and Chen, Ricky TQ and Bettencourt, Jesse and Sutskever, Ilya and Duvenaud, David},
  journal={arXiv preprint arXiv:1810.01367},
  year={2018}
}

@article{lipman2022flow,
  title={Flow matching for generative modeling},
  author={Lipman, Yaron and Chen, Ricky TQ and Ben-Hamu, Heli and Nickel, Maximilian and Le, Matt},
  journal={arXiv preprint arXiv:2210.02747},
  year={2022}
}

@article{hutchinson1989stochastic,
  title={A stochastic estimator of the trace of the influence matrix for Laplacian smoothing splines},
  author={Hutchinson, Michael F},
  journal={Communications in Statistics-Simulation and Computation},
  volume={18},
  number={3},
  pages={1059--1076},
  year={1989},
  publisher={Taylor \& Francis}
}

@article{tong2023conditional,
  title={Conditional flow matching: Simulation-free dynamic optimal transport},
  author={Tong, Alexander and Malkin, Nikolay and Huguet, Guillaume and Zhang, Yanlei and Rector-Brooks, Jarrid and Fatras, Kilian and Wolf, Guy and Bengio, Yoshua},
  journal={arXiv preprint arXiv:2302.00482},
  year={2023}
}

@article{albergo2022building,
  title={Building normalizing flows with stochastic interpolants},
  author={Albergo, Michael S and Vanden-Eijnden, Eric},
  journal={arXiv preprint arXiv:2209.15571},
  year={2022}
}

@article{albergo2023stochastic,
  title={Stochastic interpolants: A unifying framework for flows and diffusions},
  author={Albergo, Michael S and Boffi, Nicholas M and Vanden-Eijnden, Eric},
  journal={arXiv preprint arXiv:2303.08797},
  year={2023}
}

@article{song2019generative,
  title={Generative modeling by estimating gradients of the data distribution},
  author={Song, Yang and Ermon, Stefano},
  journal={Advances in neural information processing systems},
  volume={32},
  year={2019}
}

@article{liu2022flow,
  title={Flow straight and fast: Learning to generate and transfer data with rectified flow},
  author={Liu, Xingchao and Gong, Chengyue and Liu, Qiang},
  journal={arXiv preprint arXiv:2209.03003},
  year={2022}
}

@article{somnath2023aligned,
  title={Aligned Diffusion Schr$\backslash$" odinger Bridges},
  author={Somnath, Vignesh Ram and Pariset, Matteo and Hsieh, Ya-Ping and Martinez, Maria Rodriguez and Krause, Andreas and Bunne, Charlotte},
  journal={arXiv preprint arXiv:2302.11419},
  year={2023}
}

@article{ho2020denoising,
  title={Denoising diffusion probabilistic models},
  author={Ho, Jonathan and Jain, Ajay and Abbeel, Pieter},
  journal={Advances in Neural Information Processing Systems},
  volume={33},
  pages={6840--6851},
  year={2020}
}

@article{dhariwal2021diffusion,
  title={Diffusion models beat gans on image synthesis},
  author={Dhariwal, Prafulla and Nichol, Alexander},
  journal={Advances in Neural Information Processing Systems},
  volume={34},
  pages={8780--8794},
  year={2021}
}

@article{song2020score,
  title={Score-based generative modeling through stochastic differential equations},
  author={Song, Yang and Sohl-Dickstein, Jascha and Kingma, Diederik P and Kumar, Abhishek and Ermon, Stefano and Poole, Ben},
  journal={arXiv preprint arXiv:2011.13456},
  year={2020}
}

@article{kingma2013auto,
  title={Auto-encoding variational bayes},
  author={Kingma, Diederik P and Welling, Max},
  journal={arXiv preprint arXiv:1312.6114},
  year={2013}
}

@article{goodfellow2020generative,
  title={Generative adversarial networks},
  author={Goodfellow, Ian and Pouget-Abadie, Jean and Mirza, Mehdi and Xu, Bing and Warde-Farley, David and Ozair, Sherjil and Courville, Aaron and Bengio, Yoshua},
  journal={Communications of the ACM},
  volume={63},
  number={11},
  pages={139--144},
  year={2020},
  publisher={ACM New York, NY, USA}
}

@inproceedings{kantorovich1942translocation,
  title={On the translocation of masses},
  author={Kantorovich, Leonid V},
  booktitle={Dokl. Akad. Nauk. USSR (NS)},
  volume={37},
  pages={199--201},
  year={1942}
}

@article{cuturi2013sinkhorn,
  title={Sinkhorn distances: Lightspeed computation of optimal transport},
  author={Cuturi, Marco},
  journal={Advances in neural information processing systems},
  volume={26},
  year={2013}
}

@article{chen2021stochastic,
  title={Stochastic control liaisons: Richard sinkhorn meets gaspard monge on a schrodinger bridge},
  author={Chen, Yongxin and Georgiou, Tryphon T and Pavon, Michele},
  journal={SIAM Review},
  volume={63},
  number={2},
  pages={249--313},
  year={2021},
  publisher={SIAM}
}

@article{de2021diffusion,
  title={Diffusion Schr{\"o}dinger bridge with applications to score-based generative modeling},
  author={De Bortoli, Valentin and Thornton, James and Heng, Jeremy and Doucet, Arnaud},
  journal={Advances in Neural Information Processing Systems},
  volume={34},
  pages={17695--17709},
  year={2021}
}

@article{pavon2021data,
  title={The Data-Driven Schr{\"o}dinger Bridge},
  author={Pavon, Michele and Trigila, Giulio and Tabak, Esteban G},
  journal={Communications on Pure and Applied Mathematics},
  volume={74},
  number={7},
  pages={1545--1573},
  year={2021},
  publisher={Wiley Online Library}
}

@article{gushchin2022entropic,
  title={Entropic Neural Optimal Transport via Diffusion Processes},
  author={Gushchin, Nikita and Kolesov, Alexander and Korotin, Alexander and Vetrov, Dmitry and Burnaev, Evgeny},
  journal={arXiv preprint arXiv:2211.01156},
  year={2022}
}

@article{vargas2021solving,
  title={Solving schr{\"o}dinger bridges via maximum likelihood},
  author={Vargas, Francisco and Thodoroff, Pierre and Lamacraft, Austen and Lawrence, Neil},
  journal={Entropy},
  volume={23},
  number={9},
  pages={1134},
  year={2021},
  publisher={MDPI}
}

@article{benamou2000computational,
  title={A computational fluid mechanics solution to the Monge-Kantorovich mass transfer problem},
  author={Benamou, Jean-David and Brenier, Yann},
  journal={Numerische Mathematik},
  volume={84},
  number={3},
  pages={375--393},
  year={2000},
  publisher={Springer-Verlag Berlin/Heidelberg}
}

@book{schrodinger1931umkehrung,
  title={{\"U}ber die umkehrung der naturgesetze},
  author={Schr{\"o}dinger, Erwin},
  year={1931},
  publisher={Verlag der Akademie der Wissenschaften in Kommission bei Walter De Gruyter u~â€¦}
}

@article{chen2021stochastic,
  title={Stochastic control liaisons: Richard Sinkhorn meets Gaspard Monge on a Schrodinger bridge},
  author={Chen, Yongxin and Georgiou, Tryphon T and Pavon, Michele},
  journal={Siam Review},
  volume={63},
  number={2},
  pages={249--313},
  year={2021},
  publisher={SIAM}
}

@book{ambrosio2005gradient,
  title={Gradient flows: in metric spaces and in the space of probability measures},
  author={Ambrosio, Luigi and Gigli, Nicola and Savar{\'e}, Giuseppe},
  year={2005},
  publisher={Springer Science \& Business Media}
}

@article{bogachev2021uniqueness,
  title={On uniqueness of probability solutions of the Fokker-Planck-Kolmogorov equation},
  author={Bogachev, Vladimir Igorevich and Krasovitskii, Tikhon Il'ich and Shaposhnikov, Stanislav Valer'evich},
  journal={Sbornik: Mathematics},
  volume={212},
  number={6},
  pages={745},
  year={2021},
  publisher={IOP Publishing}
}